@TECHREPORT {henkbarendregt1991,
    author      = "Henk Barendregt",
    title       = "Lambda Calculi with Types",
    institution = "Catholic University Nijmegen",
    year        = "1991"
}